<record><leader>00000cas a22000007a 4500</leader><controlfield tag="001">10206044</controlfield><controlfield tag="008">831209d18721874pauwr ne      0   a0eng d</controlfield><datafield ind1=" " ind2=" " tag="010"><subfield code="a">sn 83032195 </subfield></datafield><datafield ind1=" " ind2=" " tag="040"><subfield code="a">NPU</subfield><subfield code="b">eng</subfield><subfield code="c">NPU</subfield><subfield code="d">NPH</subfield><subfield code="d">OCLCQ</subfield><subfield code="d">DLC</subfield><subfield code="d">OCLCF</subfield><subfield code="d">AQM</subfield></datafield><datafield ind1="0" ind2=" " tag="022"><subfield code="a">2376-3574</subfield><subfield code="2">1</subfield></datafield><datafield ind1=" " ind2=" " tag="042"><subfield code="a">msc</subfield><subfield code="a">nsdp</subfield></datafield><datafield ind1=" " ind2=" " tag="043"><subfield code="a">n-us-pa</subfield></datafield><datafield ind1="0" ind2="0" tag="050"><subfield code="a">Newspaper</subfield></datafield><datafield ind1="0" ind2="0" tag="082"><subfield code="a">071</subfield><subfield code="2">23</subfield></datafield><datafield ind1=" " ind2="4" tag="222"><subfield code="a">The Potter journal and news item</subfield><subfield code="b">(Print)</subfield></datafield><datafield ind1="0" ind2="4" tag="245"><subfield code="a">The Potter journal and news item.</subfield></datafield><datafield ind1=" " ind2=" " tag="260"><subfield code="a">Coudersport, Pa. :</subfield><subfield code="b">Jno. S. Mann and S.F. Hamilton,</subfield><subfield code="c">1872-1874.</subfield></datafield><datafield ind1=" " ind2=" " tag="300"><subfield code="a">2 v. ;</subfield><subfield code="c">60 cm.</subfield></datafield><datafield ind1=" " ind2=" " tag="310"><subfield code="a">Weekly</subfield></datafield><datafield ind1="0" ind2=" " tag="362"><subfield code="a">Vol. 24, no. 22 (Dec. 20, 1872)-v. 25, no. 47 (June 17, 1874).</subfield></datafield><datafield ind1=" " ind2=" " tag="500"><subfield code="a">Published every Friday.</subfield></datafield><datafield ind1=" " ind2=" " tag="530"><subfield code="a">Archived issues are available in digital format from the Library of Congress Chronicling America online collection.</subfield></datafield><datafield ind1=" " ind2="0" tag="651"><subfield code="a">Coudersport (Pa.)</subfield><subfield code="v">Newspapers.</subfield></datafield><datafield ind1=" " ind2="7" tag="651"><subfield code="a">Pennsylvania</subfield><subfield code="z">Coudersport.</subfield><subfield code="2">fast</subfield><subfield code="0">(OCoLC)fst01277666</subfield></datafield><datafield ind1=" " ind2="7" tag="655"><subfield code="a">Newspapers.</subfield><subfield code="2">fast</subfield><subfield code="0">(OCoLC)fst01423814</subfield></datafield><datafield ind1=" " ind2="7" tag="655"><subfield code="a">Newspapers.</subfield><subfield code="2">rbgenr</subfield></datafield><datafield ind1=" " ind2=" " tag="752"><subfield code="a">United States</subfield><subfield code="b">Pennsylvania</subfield><subfield code="c">Potter</subfield><subfield code="d">Coudersport.</subfield></datafield><datafield ind1="0" ind2="8" tag="776"><subfield code="i">Online version:</subfield><subfield code="t">Potter journal and news item</subfield><subfield code="x">2376-3582</subfield><subfield code="w">(DLC)  2014218825</subfield><subfield code="w">(OCoLC)897362298</subfield></datafield><datafield ind1="0" ind2="4" tag="780"><subfield code="t">Potter journal</subfield><subfield code="x">2376-3612</subfield><subfield code="w">(DLC)sn 86081096</subfield><subfield code="w">(OCoLC)13133702</subfield></datafield><datafield ind1="0" ind2="4" tag="780"><subfield code="t">Potter County item</subfield><subfield code="w">(DLC)sn 86081097</subfield><subfield code="w">(OCoLC)13133679</subfield></datafield><datafield ind1="0" ind2="0" tag="785"><subfield code="t">Potter journal (1874)</subfield><subfield code="w">(DLC)sn 86081098</subfield><subfield code="w">(OCoLC)13133634</subfield></datafield><datafield ind1="4" ind2="1" tag="856"><subfield code="u">http://www.loc.gov/chroniclingamerica/lccn/sn83032195/issues</subfield></datafield></record>